<?xml version="1.0" encoding="UTF-8" ?>
<record Numero="16517169" format="InterXMarc_Complet" type="Authority">
<leader>00455c1 au22000272  45  <Pos Code="0004">00455</Pos>
<Pos Code="05" Sens="notice modifiée">c</Pos>
<Pos Code="06" Sens="notice validée en catalogage courant">1</Pos>
<Pos Code="08" Sens="notice d&apos;autorité">a</Pos>
<Pos Code="09" Sens="titre uniforme musical (TUM)">u</Pos>
<Pos Code="10">2</Pos>
<Pos Code="11">2</Pos>
<Pos Code="1216">00027</Pos>
<Pos Code="17" Sens="autres cas">2</Pos>
<Pos Code="20">4</Pos>
<Pos Code="21">5</Pos>
</leader>
<controlfield tag="001">FRBNF165171690<Pos Code="0001">FR</Pos>
<Pos Code="0204">BNF</Pos>
<Pos Code="0512">16517169</Pos>
<Pos Code="13">0</Pos>
</controlfield>
<controlfield tag="008">110616110616yy    inm       1811                             1   <Pos Code="0001">11</Pos>
<Pos Code="0203">06</Pos>
<Pos Code="0405">16</Pos>
<Pos Code="0607">11</Pos>
<Pos Code="0809">06</Pos>
<Pos Code="1011">16</Pos>
<Pos Code="1213" Sens="ne s&apos;applique pas">yy</Pos>
<Pos Code="1820" Sens="musique de scène">inm</Pos>
<Pos Code="2831">1811</Pos>
<Pos Code="61" Sens="La vedette peut être liée à une notice bibliographique sauf pour l&apos;accès matière RAMEAU">1</Pos>
</controlfield>
<datafield tag="048" ind1=" " ind2=" ">
	<subfield code="a">oa01<Pos Code="0001" Sens="orchestre - orchestre symphonique XIXe-XXe s.">oa</Pos>
<Pos Code="02">0</Pos>
<Pos Code="03">1</Pos>
</subfield>
</datafield>
<datafield tag="100" ind1=" " ind2=" ">
	<subfield code="3">13891295</subfield>
	<subfield code="w">.0..b.....</subfield>
	<subfield code="a">Beethoven</subfield>
	<subfield code="m">Ludwig van</subfield>
	<subfield code="d">1770-1827</subfield>
</datafield>
<datafield tag="144" ind1="1" ind2=" ">
	<subfield code="w">....b.ger.</subfield>
	<subfield code="a">König Stephan</subfield>
	<subfield code="p">Op. 117</subfield>
	<subfield code="h">No 7</subfield>
	<subfield code="i">Ihr edlen Ungarn</subfield>
</datafield>
<datafield tag="502" ind1=" " ind2=" ">
	<subfield code="3">13908138</subfield>
	<subfield code="a">Beethoven</subfield>
	<subfield code="m">Ludwig van</subfield>
	<subfield code="d">1770-1827</subfield>
	<subfield code="t">[König Stephan. Op. 117]</subfield>
</datafield>
<datafield tag="600" ind1=" " ind2=" ">
	<subfield code="a">Date de composition : entre le 20 août et la mi-septembre 1811</subfield>
	<subfield code="a">1re éd. : Vienne : S. A. Steiner, 1826</subfield>
</datafield>
<datafield tag="610" ind1=" " ind2=" ">
	<subfield code="a">Kinsky</subfield>
</datafield>
<Alter Ori="13891295">
<datafield tag="400" ind1=" " ind2=" ">
	<subfield code="w">....b.....</subfield>
	<subfield code="a">Beethoven</subfield>
	<subfield code="m">Ludwig von</subfield>
	<subfield code="d">1770-1827</subfield>
</datafield>
</Alter>
<Attr Nom="IDPerenne">ark:/12148/cb165171690</Attr>
<Attr Nom="Source" Sens="BnF catalogue général (depuis 1999)">A</Attr>
<Attr Nom="NumAutoriteLiee">1389129513908138</Attr>
<Attr Nom="DateCreation">16/06/ 2011</Attr>
<Attr Nom="ResponsableCreation">GOY FRANCOIS</Attr>
<Attr Nom="StructCreation">37</Attr>
<Attr Nom="DateDerniereValidation">16/06/ 2011</Attr>
<Attr Nom="ResponsableDerniereValidation">GOY FRANCOIS</Attr>
<Attr Nom="StructPremiereValidation">37</Attr>
<Attr Nom="DatePremiereValidation">16/06/ 2011</Attr>
<Attr Nom="ResponsablePremiereValidation">GOY FRANCOIS</Attr>
<Attr Nom="StructDerniereValidation">37</Attr>
</record>
